@book{boyd_convex_optimization,
  author = {Boyd, Stephen and Vandenberghe, Lieven},
  title = {Convex Optimization},
  year = {2004},
  publisher = {Cambridge University Press},
  address = {Cambridge, UK},
  isbn = {978-0521833783},
}

@article{Boyd2007ATO,
  title={A Tutorial on Geometric Programming},
  author={Stephen P. Boyd and Seung-Jean Kim and Lieven Vandenberghe and Arash Hassibi},
  journal={Optimization and Engineering},
  year={2007},
  volume={8},
  pages={67-127}
}

@online{mathexchange_dualnorm,
  author = {icurays1},
  title = {Dual Norm Intuition},
  year = {August 19, 2014},
  url = {https://math.stackexchange.com/questions/903484/dual-norm-intuition},
  note = {Accessed on March 23, 2024}
}

@misc{actuator_youtube,
  author = {RealPars},
  title = {What is an Actuator},
  year = {2020},
  url = {https://www.youtube.com/watch?v=LHn7O6PUaoY}
}

@inproceedings{boyd2020embedded,
    author       = {S. Boyd and A. Agrawal and S. Barratt},
    title        = {Embedded Convex Optimization for Control},
    booktitle    = {Proceedings of the 59th IEEE Conference on Decision and Control},
    year         = {2020},
    address      = {Jeju Island, South Korea},
    month        = dec,
    note         = {Plenary lecture},
    day          = {14}
}

@misc{EE364b,
  author = {Stephen Boyd},
  title = {EE36b: Convex Optimization II},
  year = {2007-8},
  url = {https://see.stanford.edu/Course/EE364B}
}

@misc{AA203,
  author = {Marco Pavone and Daniele Gammelli},
  title = {AA203: Optimal and Learning-Based Control},
  year = {2024},
  url = {https://stanfordasl.github.io/aa203/sp2324/}
}

@misc{matrix_calc,
  author = {Alan Edelman and Steven G. Johnson},
  title = {Matrix Calculus for Machine Learning and Beyond},
  year = {2023},
  url = {https://ocw.mit.edu/courses/18-s096-matrix-calculus-for-machine-learning-and-beyond-january-iap-2023/}
}

% @online{brunton_control_bootcamp,
%   author: {Steve Brunton},
%   title = {Control Bootcamp},
%   year = {}
% }

% VMLS


% Brunton control bootcamp

% Brunton databook

% ECE 263 and 363

% 