@book{boyd_convex_optimization,
  author = {Boyd, Stephen and Vandenberghe, Lieven},
  title = {Convex Optimization},
  year = {2004},
  publisher = {Cambridge University Press},
  address = {Cambridge, UK},
  isbn = {978-0521833783},
}

@article{Boyd2007ATO,
  title={A Tutorial on Geometric Programming},
  author={Stephen P. Boyd and Seung-Jean Kim and Lieven Vandenberghe and Arash Hassibi},
  journal={Optimization and Engineering},
  year={2007},
  volume={8},
  pages={67-127}
}

@misc{EE364b,
  author = {Stephen Boyd},
  title = {EE36b: Convex Optimization II},
  year = {2007-8},
  url = {https://see.stanford.edu/Course/EE364B}
}


@misc{EE364a-extra,
  author = {Stephen Boyd and Lieven Vandenberghe},
  title = {Additional Exercises for Convex Optimization},
  year = {2024},
  url = {https://github.com/cvxgrp/cvxbook_additional_exercises}
}
